@article{beitziowa,
	title	= {Performance on the Iowa Gambling Task: From 5 to 89 Years of Age},
	author	= {Kevin M. Beitz, Timothy A. Salthouse, and Hasker P. Davis},
	journal	= {Journal of experimental psychology: General},
	pages	= {1677--1689},
	year	= {2014},
	publisher	= {APA PyscNet}
}
